@inproceedings{krizhevsky2012imagenet,
  title={Imagenet classification with deep convolutional neural networks},
  author={Krizhevsky, Alex and others},
  booktitle={Advances in neural information processing systems},
  pages={1097--1105},
  year={2012}
}

@article{clarifai,
  author    = {Olga Russakovsky and
               others},
  title     = {ImageNet Large Scale Visual Recognition Challenge},
  journal   = {CoRR},
  volume    = {abs/1409.0575},
  year      = {2014},
  url       = {http://arxiv.org/abs/1409.0575},
  timestamp = {Mon, 01 Jun 2015 08:26:31 +0200},
  biburl    = {http://dblp.uni-trier.de/rec/bib/journals/corr/RussakovskyDSKSMHKKBBF14},
  bibsource = {dblp computer science bibliography, http://dblp.org}
}

@article{simonyan,
  author    = {Karen Simonyan and
               Andrew Zisserman},
  title     = {Very Deep Convolutional Networks for Large-Scale Image Recognition},
  journal   = {CoRR},
  volume    = {abs/1409.1556},
  year      = {2014},
  url       = {http://arxiv.org/abs/1409.1556},
  timestamp = {Wed, 01 Oct 2014 15:00:05 +0200},
  biburl    = {http://dblp.uni-trier.de/rec/bib/journals/corr/SimonyanZ14a},
  bibsource = {dblp computer science bibliography, http://dblp.org}
}

@article{adam,
  author    = {Diederik P. Kingma and
               Jimmy Ba},
  title     = {Adam: {A} Method for Stochastic Optimization},
  journal   = {CoRR},
  volume    = {abs/1412.6980},
  year      = {2014},
  url       = {http://arxiv.org/abs/1412.6980},
  timestamp = {Wed, 07 Jun 2017 14:40:52 +0200},
  biburl    = {http://dblp.uni-trier.de/rec/bib/journals/corr/KingmaB14},
  bibsource = {dblp computer science bibliography, http://dblp.org}
}

@article{batch_normalization,
  author    = {Sergey Ioffe and
               Christian Szegedy},
  title     = {Batch Normalization: Accelerating Deep Network Training by Reducing
               Internal Covariate Shift},
  journal   = {CoRR},
  volume    = {abs/1502.03167},
  year      = {2015},
  url       = {http://arxiv.org/abs/1502.03167},
  timestamp = {Wed, 07 Jun 2017 14:40:49 +0200},
  biburl    = {http://dblp.uni-trier.de/rec/bib/journals/corr/IoffeS15},
  bibsource = {dblp computer science bibliography, http://dblp.org}
}

@article{dropout,
  title={Dropout: A simple way to prevent neural networks from overfitting},
  author={Srivastava, Nitish and others},
  journal={The Journal of Machine Learning Research},
  volume={15},
  number={1},
  pages={1929--1958},
  year={2014},
  publisher={JMLR. org}
}

@article{pretrained_with_bn,
  author    = {Marcel Simon and
               Erik Rodner and
               Joachim Denzler},
  title     = {ImageNet pre-trained models with batch normalization},
  journal   = {CoRR},
  volume    = {abs/1612.01452},
  year      = {2016},
  url       = {http://arxiv.org/abs/1612.01452},
  timestamp = {Wed, 07 Jun 2017 14:40:33 +0200},
  biburl    = {http://dblp.uni-trier.de/rec/bib/journals/corr/SimonRD16},
  bibsource = {dblp computer science bibliography, http://dblp.org}
}

@article{lecun-mnisthandwrittendigit-2010,
  added-at = {2010-06-28T21:16:30.000+0200},
  author = {LeCun, Yann and Cortes, Corinna},
  biburl = {https://www.bibsonomy.org/bibtex/2935bad99fa1f65e03c25b315aa3c1032/mhwombat},
  groups = {public},
  howpublished = {http://yann.lecun.com/exdb/mnist/},
  interhash = {21b9d0558bd66279df9452562df6e6f3},
  intrahash = {935bad99fa1f65e03c25b315aa3c1032},
  keywords = {MSc _checked character_recognition mnist network neural},
  lastchecked = {2016-01-14 14:24:11},
  timestamp = {2016-07-12T19:25:30.000+0200},
  title = {{MNIST} handwritten digit database},
  url = {http://yann.lecun.com/exdb/mnist/},
  username = {mhwombat},
  year = 2010
}

@book{russel_norvig,
    author = {Russell, Stuart and Norving, Peter},
    citeulike-article-id = {2611696},
    keywords = {bibtex-import},
    posted-at = {2008-03-30 05:07:40},
    priority = {2},
    publisher = {Pearson Educaci\'{o}n, S. A. Madrid},
    title = {Inteligencia Artificial. Un Enfoque Moderno. Segunda edici\'{o}n},
    year = {2004}
}

@misc{keras_doc,
  author = {François Chollet},
  title = {{Documentación de \textit{Keras}}},
  howpublished = "\url{https://keras.io/}",
  year = {2017}, 
}

@misc{theano,
  author = {\textit{\textit{Theano}}},
  title = {{Documentación de \textit{Theano}}},
  howpublished = "\url{http://deeplearning.net/software/theano/index.html}",
  year = {2017}, 
}


@inproceedings{taigman,
 author = {Taigman, Yaniv and Yang, Ming and Ranzato, Marc'Aurelio and Wolf, Lior},
 title = {DeepFace: Closing the Gap to Human-Level Performance in Face Verification},
 booktitle = {Proceedings of the 2014 IEEE Conference on Computer Vision and Pattern Recognition},
 series = {CVPR '14},
 year = {2014},
 isbn = {978-1-4799-5118-5},
 pages = {1701--1708},
 numpages = {8},
 url = {http://dx.doi.org/10.1109/CVPR.2014.220},
 doi = {10.1109/CVPR.2014.220},
 acmid = {2680208},
 publisher = {IEEE Computer Society},
 address = {Washington, DC, USA},
} 

@book{snow,
  title={On the mode of communication of cholera},
  author={Snow, John},
  year={1855},
  publisher={John Churchill}
}
@book{mitchell,
 author = {Mitchell, Thomas M.},
 title = {Machine Learning},
 year = {1997},
 isbn = {0070428077, 9780070428072},
 edition = {1},
 publisher = {McGraw-Hill, Inc.},
 address = {New York, NY, USA},
}  

@misc{jupyter,
  author = {Fernando Pérez},
  title = {Cuadernos de Jupyter},
  howpublished = "\url{http://jupyter.org/}",
  year = {2017}, 
}

@misc{cuda,
  author = {NVIDIA},
  title = {Documentación de CUDA},
  howpublished = "\url{http://www.nvidia.com/object/cuda_home_new.html}",
  year = {2017}, 
}

@misc{visualizer_convolution,
  author = {Victor Powell},
  title = {Image kernels},
  howpublished = "\url{http://setosa.io/ev/image-kernels/}",
  year = {2015}, 
}

@misc{kaggle-page,
  author = { \textit{The Nature Conservancy Fisheries}},
  title = {{Kaggle challenge}},
  howpublished = "\url{https://www.kaggle.com/c/the-nature-conservancy-fisheries-monitoring}",
  year = {2016}, 
}

@misc{felixyu,
  author = {Felix Yu},
  title = {Fine-tune Convolutional Neural Network in Keras with ImageNet Pretrained Models},
  howpublished = "\url{https://github.com/flyyufelix/cnn_finetune}",
  year = {2017}, 
}

@misc{fastai,
  author = {Jeremy Howard},
  title = {Practical Deep Learning For Coders},
  howpublished = "\url{http://course.fast.ai/}",
  year = {2017}, 
}

@misc{ILSVRC,
  author = {ILSVRC},
  title = {Large Scale Visual Recognition Challenge},
  howpublished = "\url{http://www.image-net.org/challenges/LSVRC/}",
  year = {2017}, 
}

@misc{imagenet,
  author = {ImageNet},
  title = {Image database},
  howpublished = "\url{http://www.image-net.org/}",
  year = {2017}, 
}

@misc{github,
  author = {Marco Herrero},
  title = {Fisheries monitoring with deep learning},
  howpublished = "\url{https://github.com/marhs/fisheries-monitoring-deep-learning}",
  year = {2017}, 
}


